% This file was created with JabRef 2.10.
% Encoding: ISO8859_1


@Article{Imthurn2007,
  Title                    = {The history of silicon-on-sapphire},
  Author                   = {Imthurn, George},
  Journal                  = {Peregrine Semiconductor Corporation},
  Year                     = {2007}
}

@Misc{Leitenberger,
  Title                    = {Galileo},

  Author                   = {Bernd Leitenberger},
  Note                     = {Unterseiten wurden auch verwendet},

  Timestamp                = {2018.05.01},
  Url                      = {https://www.bernd-leitenberger.de/galileo.shtml}
}

@Misc{xkcd,
  Title                    = {Number of Computers},

  Author                   = {Randall Munroe},
  HowPublished             = {https://xkcd.com/1727/},

  Owner                    = {rene},
  Timestamp                = {2018.05.08},
  Url                      = {https://xkcd.com/1727/}
}

@Misc{nasaphoto,
  Title                    = {Nasa Photojournal},

  Author                   = {Nasa},
  HowPublished             = {https://photojournal.jpl.nasa.gov/},

  Timestamp                = {2018.05.10},
  Url                      = {https://photojournal.jpl.nasa.gov/}
}

@Misc{Leitenberger_Voyager,
  Title                    = {Voyager},

  Author                   = {Bernd Leitenberger},
  HowPublished             = {https://www.bernd-leitenberger.de/voyager.shtml},

  Timestamp                = {2018.05.10},
  Url                      = {https://www.bernd-leitenberger.de/voyager.shtml}
}


