% Encoding: UTF-8

@Article{Bing,
  author   = {Zhenshan Bing and Zhuangyi Jiang and Kai Huang and Alois Knol},
  title    = {A Slithering Gait Design of a Snake-like Robot forAutonomous Target Tracking},
  file     = {:/home/rene/Documents/papers/Bing_JFR.pdf:PDF},
  keywords = {rank5},
}

@Misc{Vreeken2003,
  author    = {Vreeken, Jilles},
  title     = {Spiking neural networks, an introduction},
  year      = {2003},
  file      = {Introduction to SNN:/home/rene/Documents/papers/vreeken_03_spikingneuralnetworks.pdf:PDF},
  keywords  = {rank3},
  publisher = {Utrecht University: Information and Computing Sciences},
}

@Article{Maass1997,
  author    = {Maass, Wolfgang},
  title     = {Networks of spiking neurons: the third generation of neural network models},
  journal   = {Neural networks},
  year      = {1997},
  volume    = {10},
  number    = {9},
  pages     = {1659--1671},
  file      = {SNN are computationaly more powerfull than nn:/home/rene/Documents/papers/maass97.pdf:PDF},
  keywords  = {rank3},
  publisher = {Elsevier},
}

@Comment{jabref-meta: databaseType:bibtex;}
