
@misc{website,
  title = {{MS Windows NT} Kernel Description},
  howpublished = {\url{http://web.archive.org/web/20080207010024/http://www.808multimedia.com/winnt/kernel.htm}},
  note = {Accessed: 2010-09-30}
}


@misc {gk110,    
   author = {NVIDIA Corporation},    
   title = {{NVIDIA's Next Generation 
CUDA(TM) Compute Architecture: 
Kepler(TM) GK110}},    
   howpublished = {\url{http://www.nvidia.com/content/PDF/kepler/NVIDIA-Kepler-GK110-Architecture-Whitepaper.pdf}},
   year = {2012},
   note={Retrieved on 2015.02.25}
}


@Book{wilt,
 author = {Wilt, Nicholas},
 title = {{The CUDA handbook a comprehensive guide to GPU programming}},
 publisher = {Addison-Wesley},
 year = {2013},
 address = {Upper Saddle River, NJ},
 isbn = {978-0-321-80946-9}
 }
 
 
@book{ldd,
author= {Alessandro Rubini and Jonathan Corbet and Greg Kroah-Hartman},
publisher={O'Reilly Media},
title={Linux Device Drivers, 3nd Edition},
year={2005}
}

@book{pcie,
   title={PCI express system architecture},
   author={Budruk, Ravi},
   publisher={Addison-Wesley},
   year={2003},
   ISBN={0-321-15630-7},
}


@misc{rdma,
author = {NVIDIA Corporation},    
title = {{Developing a Linux Kernel Module using GPUDirect RDMA}},
howpublished={\url{http://docs.nvidia.com/cuda/gpudirect-rdma/index.html}},
year={2014},
note={Retrieved on 2015.03.11}
}




@book{tanenbaum,
author={Andrew S Tanenbaum},
title={{Modern Operating Systems}},
edition={2},
publisher={Pearson},
year={2007}
}


@book{hauck,
 author = {Hauck, Scott},
 title = {Reconfigurable computing the theory and practice of FPGA-based computation},
 publisher = {Morgan Kaufmann},
 year = {2008},
 address = {Amsterdam Boston},
 isbn = {978-0123705228}
 }
 
 
 
@misc{altera_arch,
author = {{Altera Corporation}},    
title = {{FPGA Architecture - White Paper}},
howpublished={\url{https://www.altera.com/en_US/pdfs/literature/wp/wp-01003.pdf}},
year={2006},
note={Retrieved on 2015.03.13}
}




@BOOK{farooq,
	AUTHOR = {Farooq, Umer AND Marrakchi, Zied AND Mehrez, Habib},
	YEAR = {2012},
	TITLE = {Tree-based Heterogeneous FPGA Architectures - Application Specific Exploration and Optimization},
	EDITION = {},
	ISBN = {978-1-461-43594-5},
	PUBLISHER = {Springer},
	ADDRESS = {Berlin, Heidelberg},
}


@misc{altera_opencl,
author={{Altera Corporation}},
title={{Implementing FPGA Design with the OpenCL Standard}},
howpublished="\url{http://www.altera.com/literature/wp/wp-01173-opencl.pdf}",
year={2013},
note={{Retrieved on 2015.03.13}}
}



@misc{opencl,
author={{Khronos Group}},
title={{The OpenCL Specification Version 1.2}},
howpublished="\url{https://www.khronos.org/registry/cl/specs/opencl-1.2.pdf}",
year={2012},
note={{Retrieved on 2015.03.15}}
}




@misc{icd,
author={{Khronos Group}},
title={{OpenCL Extension \#5: Installable Client Driver (ICD) Loader}},
howpublished="\url{https://www.khronos.org/registry/cl/extensions/khr/cl_khr_icd.txt}",
year={2010},
note={{Retrieved on 2015.03.15}}
}


@article {bittner_speedy,
author       = {Ray Bittner},
journal    = {22nd International Conference on Field Programmable Logic and Applications (FPL 2012)},
month        = {August},
title        = {{Speedy Bus Mastering PCI Express}},
url          = {http://research.microsoft.com/apps/pubs/default.aspx?id=172728},
year         = {2012},
}

@article {bittner,
author       = {Ray Bittner and Erik Ruf},
journal    = {1st International Workshop on Unconventional Cluster Architectures and Applications (UCAA 2012)},
month        = {September},
title        = {{Direct GPU/FPGA Communication Via PCI Express}},
url          = {http://research.microsoft.com/apps/pubs/default.aspx?id=172730},
year         = {2012},
}

@MastersThesis{susanto,
author     =     {David Susanto},
title     =     {{Parallelism for Computationally Intensive
Algorithm with GPU/FPGA Interleaving}},
school     =     {Technische Universität München},
year     =     {2014},
}


@misc{libcudest,
author={Nick Black},
howpublished={\url{http://nick-black.com/dankwiki/index.php/Libcudest}},
title={{Libcudest}},
note={{Retrieved on 2015.03.18}},
}



@misc{nvidia_driver,
author={{NVIDIA Corporation}},
howpublished={\url{http://us.download.nvidia.com/XFree86/Linux-x86_64/346.47/NVIDIA-Linux-x86_64-346.47.run}},
title={{LINUX X64 (AMD64/EM64T) DISPLAY DRIVER (Version 346.47) [kernel/nv.c]}},
note={{Retrieved on 2015.03.19}},
year={2015}
}


@misc{nvidia_cl_best_practices,
author={{NVIDIA Corporation}},
howpublished={\url{http://www.nvidia.com/content/cudazone/CUDABrowser/downloads/papers/NVIDIA_OpenCL_BestPracticesGuide.pdf}},
pages={9-11},
title={{NVIDIA OpenCL Best Practices Guide}},
year={2009},
note={{Retrieved on 2015.03.21}},

}


@misc{ioctl,
 title      = {{ioctl(2) Linux man page}},
 author        = {{Linux man-pages project}},
 year       = {2000},
}




@misc{altera_ip,
author={{Altera Corporation}},
title={{Embedded Peripherals IP User Guide}},
howpublished="\url{https://www.altera.com/en_US/pdfs/literature/ug/ug_embedded_ip.pdf}",
year={2011},
note={{Retrieved on 2015.03.24}}
}


@misc{dlopen,
 title      = {{dlopen(3) Linux man page}},
 author        = {{Linux man-pages project}},
 year       = {2000},
}


@misc{altera_driver,
author={{Altera Corporation}},
title={{Altera SDK for OpenCL (version 13.1)}},
howpublished="\url{http://dl.altera.com/opencl/}",
year={2013},
note={{Retrieved on 2015.03.28}}
}


@misc{icdloadersrc,
author={{Khronos Group}},
title={{OpenCL 1.2 Installable Client Driver Loader [Source]}},
howpublished="\url{https://www.khronos.org/registry/cl/specs/opencl-icd-1.2.11.0.tgz}",
year={2012},
note={{Retrieved on 2015.04.01}}
}


@misc{gpudirect,
author = {NVIDIA Corporation},
title = {{NVIDIA GPUDirect}},
howpublished={\url{https://developer.nvidia.com/gpudirect}},
year={2010},
note={Retrieved on 2015.04.02}
}


@misc{cudaguide,
author = {NVIDIA Corporation},
title = {{CUDA C Programming Guide [version 7.0]}},
howpublished={\url{http://docs.nvidia.com/cuda/pdf/CUDA_C_Programming_Guide.pdf}},
year={2015},
note={Retrieved on 2015.04.03}
}

@misc{avalon,
author={{Altera Corporation}},
title={{Avalon Interface Specifications}},
howpublished="\url{https://www.altera.com/en_US/pdfs/literature/manual/mnl_avalon_spec.pdf}",
year={2015},
note={{Retrieved on 2015.04.05}}
}


@misc{quadrok600,
author = {{Hewlett-Packard}},
title = {{Hewlett-Packard Quadro K600 Specifications}},
howpublished={\url{http://www8.hp.com/h20195/v2/GetDocument.aspx?docname=c04128134}},
year={2013},
note={Retrieved on 2015.04.07}
}

@misc{nallatech385,
author={{Nallatech Inc.}},
title={{Nallatech 385-D5 Specifications}},
howpublished="\url{http://www.nallatech.com/wp-content/uploads/pcie_385pb_v1_21.pdf}",
year={2014},
note={{Retrieved on 2015.04.07}}
}





@MastersThesis{lanedetection,
author     =     {Nikhil Madduri},
title     =     {{Hardware Accelerated Particle Filter for Lane Detection and Tracking in OpenCL}},
school     =     {Technische Universität München},
year     =     {2014},
}


@misc{altera_pcie_core,
author={{Altera Corporation}},
title={{Stratix V Avalon-MM Interface for PCIe Solutions User Guide}},
year={2014},
}

@misc{altera_msgdma,
author={{Altera Corporation}},
title={{Embedded Peripheral IP User Guide}},
year={2014},
note={{Chapter 22: Altera Modular Scatter-Gather DMA}}
}


@misc{chimera,
author={Ra Inta and David J. Bowman and Susan M. Scott},
title={{The “Chimera”: An Off-The-Shelf CPU/GPGPU/FPGA Hybrid Computing Platform}},
year={2012},
note={{International Journal of Reconfigurable Computing, Volume 2012}}
}

@inproceedings{fpga2,
  author    = {Yann Thoma and
               Alberto Dassatti and
               Daniel Molla},
  title     = {{FPGA\({}^{\mbox{2}}\): An open source framework for {FPGA-GPU} PCIe
               communication}},
  booktitle = {2012 International Conference on Reconfigurable Computing and FPGAs,
               ReConFig 2013, Cancun, Mexico, December 9-11, 2013},
  pages     = {1--6},
  year      = {2013},
  url       = {http://dx.doi.org/10.1109/ReConFig.2013.6732296},
  doi       = {10.1109/ReConFig.2013.6732296},
  timestamp = {Tue, 21 Oct 2014 16:16:12 +0200},
  biburl    = {http://dblp.uni-trier.de/rec/bib/conf/reconfig/ThomaDM13},
  bibsource = {dblp computer science bibliography, http://dblp.org}
}

@misc{nouveau,
author={{Various Authors}},
title={{Nouveau: Accelerated Open Source driver for nVidia cards}},
year={2012},
note={{Retrieved on 2015.04.10}},
howpublished={\url{http://nouveau.freedesktop.org/wiki/}}
}


@misc{gdev,
author={{Shinpei Kato and Michael McThrow and Carlos Maltzahn and Scott Brandt}},
title={{Gdev: First-Class GPU Resource Management in the Operating System}},
note={Tech. Rep., 2012, uSENIX Annual Technical Conference (USENIX ATC’12).}
}


@misc{nouveau_featurematrix,
author={{Various Authors}},
title={{Nouveau: Feature Matrix}},
year={2014},
note={{Retrieved on 2015.04.11}},
howpublished={\url{http://nouveau.freedesktop.org/wiki/FeatureMatrix/}}
}

